%YAML 1.1
%TAG !u! tag:unity3d.com,2011:
--- !u!1001 &100100000
Prefab:
  m_ObjectHideFlags: 1
  serializedVersion: 2
  m_Modification:
    m_TransformParent: {fileID: 0}
    m_Modifications: []
    m_RemovedComponents: []
  m_ParentPrefab: {fileID: 0}
  m_RootGameObject: {fileID: 1367468950288258}
  m_IsPrefabParent: 1
--- !u!1 &1367468950288258
GameObject:
  m_ObjectHideFlags: 0
  m_PrefabParentObject: {fileID: 0}
  m_PrefabInternal: {fileID: 100100000}
  serializedVersion: 5
  m_Component:
  - component: {fileID: 4203127417296836}
  - component: {fileID: 212474957030063664}
  - component: {fileID: 60322914136313364}
  - component: {fileID: 114470239580505050}
  - component: {fileID: 50611465955211248}
  m_Layer: 0
  m_Name: EnemyBullet
  m_TagString: Untagged
  m_Icon: {fileID: 0}
  m_NavMeshLayer: 0
  m_StaticEditorFlags: 0
  m_IsActive: 1
--- !u!4 &4203127417296836
Transform:
  m_ObjectHideFlags: 1
  m_PrefabParentObject: {fileID: 0}
  m_PrefabInternal: {fileID: 100100000}
  m_GameObject: {fileID: 1367468950288258}
  m_LocalRotation: {x: 0, y: 0, z: 0, w: 1}
  m_LocalPosition: {x: 3.68, y: -0.86, z: 0}
  m_LocalScale: {x: 0.067447856, y: 0.067447856, z: 0.067447856}
  m_Children: []
  m_Father: {fileID: 0}
  m_RootOrder: 0
  m_LocalEulerAnglesHint: {x: 0, y: 0, z: 0}
--- !u!50 &50611465955211248
Rigidbody2D:
  serializedVersion: 4
  m_ObjectHideFlags: 1
  m_PrefabParentObject: {fileID: 0}
  m_PrefabInternal: {fileID: 100100000}
  m_GameObject: {fileID: 1367468950288258}
  m_BodyType: 1
  m_Simulated: 1
  m_UseFullKinematicContacts: 0
  m_UseAutoMass: 0
  m_Mass: 1
  m_LinearDrag: 0
  m_AngularDrag: 0.05
  m_GravityScale: 1
  m_Material: {fileID: 0}
  m_Interpolate: 0
  m_SleepingMode: 1
  m_CollisionDetection: 0
  m_Constraints: 0
--- !u!60 &60322914136313364
PolygonCollider2D:
  m_ObjectHideFlags: 1
  m_PrefabParentObject: {fileID: 0}
  m_PrefabInternal: {fileID: 100100000}
  m_GameObject: {fileID: 1367468950288258}
  m_Enabled: 1
  m_Density: 1
  m_Material: {fileID: 0}
  m_IsTrigger: 1
  m_UsedByEffector: 0
  m_UsedByComposite: 0
  m_Offset: {x: 0, y: 0}
  m_SpriteTilingProperty:
    border: {x: 0, y: 0, z: 0, w: 0}
    pivot: {x: 0.5, y: 0.5}
    oldSize: {x: 2.96, y: 3.02}
    newSize: {x: 2.96, y: 3.02}
    adaptiveTilingThreshold: 0.5
    drawMode: 0
    adaptiveTiling: 0
  m_AutoTiling: 0
  m_Points:
    m_Paths:
    - - {x: 0.64, y: -0.63}
      - {x: 0.84, y: -0.64}
      - {x: 1.03, y: -0.65}
      - {x: 1.43, y: -0.66999996}
      - {x: 1.48, y: -0.66999996}
      - {x: 1.48, y: -0.63}
      - {x: 1.4499999, y: -0.59}
      - {x: 1.16, y: -0.29999998}
      - {x: 1.16, y: -0.29}
      - {x: 0.9, y: 0.04}
      - {x: 1.06, y: 0.22}
      - {x: 1.13, y: 0.29999998}
      - {x: 1.2099999, y: 0.39}
      - {x: 1.28, y: 0.47}
      - {x: 1.4399999, y: 0.64}
      - {x: 1.4599999, y: 0.69}
      - {x: 1.4399999, y: 0.71}
      - {x: 1.39, y: 0.71}
      - {x: 1.1899999, y: 0.69}
      - {x: 1.0799999, y: 0.68}
      - {x: 0.87, y: 0.65999997}
      - {x: 0.77, y: 0.65}
      - {x: 0.76, y: 0.64}
      - {x: 0.55, y: 0.66999996}
      - {x: 0.53999996, y: 0.72999996}
      - {x: 0.44, y: 1.37}
      - {x: 0.42, y: 1.4699999}
      - {x: 0.39, y: 1.51}
      - {x: 0.35, y: 1.51}
      - {x: 0.29, y: 1.43}
      - {x: 0.17999999, y: 1.25}
      - {x: 0.03, y: 1.01}
      - {x: -0.099999994, y: 0.81}
      - {x: -0.12, y: 0.77}
      - {x: -0.19, y: 0.81}
      - {x: -0.74, y: 1.11}
      - {x: -0.9, y: 1.1899999}
      - {x: -0.93, y: 1.1899999}
      - {x: -0.94, y: 1.16}
      - {x: -0.9, y: 1}
      - {x: -0.84999996, y: 0.89}
      - {x: -0.82, y: 0.76}
      - {x: -0.65999997, y: 0.32}
      - {x: -0.85999995, y: 0.24}
      - {x: -0.97999996, y: 0.19}
      - {x: -1.12, y: 0.13}
      - {x: -1.29, y: 0.06}
      - {x: -1.36, y: 0.03}
      - {x: -1.48, y: -0.03}
      - {x: -1.48, y: -0.06}
      - {x: -1.4499999, y: -0.08}
      - {x: -1.15, y: -0.19}
      - {x: -0.79999995, y: -0.32}
      - {x: -0.65, y: -0.38}
      - {x: -0.69, y: -0.48999998}
      - {x: -0.75, y: -0.74}
      - {x: -0.84, y: -1.06}
      - {x: -0.89, y: -1.1999999}
      - {x: -0.87, y: -1.26}
      - {x: -0.84, y: -1.25}
      - {x: -0.68, y: -1.16}
      - {x: -0.29999998, y: -0.93}
      - {x: -0.12, y: -0.82}
      - {x: -0.089999996, y: -0.79999995}
      - {x: -0.01, y: -0.91999996}
      - {x: 0.089999996, y: -1.06}
      - {x: 0.37, y: -1.4499999}
      - {x: 0.42999998, y: -1.51}
      - {x: 0.47, y: -1.51}
      - {x: 0.48, y: -1.4399999}
      - {x: 0.51, y: -1.2099999}
      - {x: 0.58, y: -0.66999996}
--- !u!114 &114470239580505050
MonoBehaviour:
  m_ObjectHideFlags: 1
  m_PrefabParentObject: {fileID: 0}
  m_PrefabInternal: {fileID: 100100000}
  m_GameObject: {fileID: 1367468950288258}
  m_Enabled: 1
  m_EditorHideFlags: 0
  m_Script: {fileID: 11500000, guid: 21565a4e5c8942a44807988c66c3c8db, type: 3}
  m_Name: 
  m_EditorClassIdentifier: 
  speed: 6
--- !u!212 &212474957030063664
SpriteRenderer:
  m_ObjectHideFlags: 1
  m_PrefabParentObject: {fileID: 0}
  m_PrefabInternal: {fileID: 100100000}
  m_GameObject: {fileID: 1367468950288258}
  m_Enabled: 1
  m_CastShadows: 0
  m_ReceiveShadows: 0
  m_DynamicOccludee: 1
  m_MotionVectors: 1
  m_LightProbeUsage: 1
  m_ReflectionProbeUsage: 1
  m_RenderingLayerMask: 4294967295
  m_Materials:
  - {fileID: 10754, guid: 0000000000000000f000000000000000, type: 0}
  m_StaticBatchInfo:
    firstSubMesh: 0
    subMeshCount: 0
  m_StaticBatchRoot: {fileID: 0}
  m_ProbeAnchor: {fileID: 0}
  m_LightProbeVolumeOverride: {fileID: 0}
  m_ScaleInLightmap: 1
  m_PreserveUVs: 0
  m_IgnoreNormalsForChartDetection: 0
  m_ImportantGI: 0
  m_StitchLightmapSeams: 0
  m_SelectedEditorRenderState: 0
  m_MinimumChartSize: 4
  m_AutoUVMaxDistance: 0.5
  m_AutoUVMaxAngle: 89
  m_LightmapParameters: {fileID: 0}
  m_SortingLayerID: 0
  m_SortingLayer: 0
  m_SortingOrder: 0
  m_Sprite: {fileID: 21300000, guid: c565a93494aabdf45b32fe4f17e32dbc, type: 3}
  m_Color: {r: 1, g: 1, b: 1, a: 1}
  m_FlipX: 0
  m_FlipY: 0
  m_DrawMode: 0
  m_Size: {x: 2.96, y: 3.02}
  m_AdaptiveModeThreshold: 0.5
  m_SpriteTileMode: 0
  m_WasSpriteAssigned: 1
  m_MaskInteraction: 0
